<record><leader>00000cas a22000007a 4500</leader><controlfield tag="001">13115634</controlfield><controlfield tag="008">860206d18811883mtuwr ne      0    0eng d</controlfield><datafield ind1=" " ind2=" " tag="010"><subfield code="a">sn 86075044 </subfield></datafield><datafield ind1=" " ind2=" " tag="040"><subfield code="a">MTL</subfield><subfield code="b">eng</subfield><subfield code="c">MTL</subfield><subfield code="d">OCLCQ</subfield></datafield><datafield ind1=" " ind2=" " tag="042"><subfield code="a">msc</subfield></datafield><datafield ind1="0" ind2="0" tag="245"><subfield code="a">Inter-mountains Freeman.</subfield></datafield><datafield ind1=" " ind2=" " tag="260"><subfield code="a">Butte City, Mont. :</subfield><subfield code="b">L.R. Freeman</subfield></datafield><datafield ind1=" " ind2=" " tag="300"><subfield code="a">v. :</subfield><subfield code="b">ill. (chiefly ads.) ;</subfield><subfield code="c">60 cm.</subfield></datafield><datafield ind1="1" ind2=" " tag="362"><subfield code="a">Began in spring 1881; ceased in spring 1883.</subfield><subfield code="z">Cf. Heuterman, T.H. Movable type.</subfield></datafield><datafield ind1=" " ind2=" " tag="500"><subfield code="a">"This press has always been anti-Mormon, anti-Chinese, anti-Indian, anti-monopoly and pro-workingman ... advocating the interests of the trades union."</subfield></datafield><datafield ind1=" " ind2=" " tag="580"><subfield code="a">Merged with: Daily labor union (non-extant), to form: Union-Freeman.</subfield></datafield><datafield ind1=" " ind2=" " tag="588"><subfield code="a">Description based on: Apr. 10, 1881.</subfield></datafield><datafield ind1=" " ind2=" " tag="752"><subfield code="a">United States</subfield><subfield code="b">Montana</subfield><subfield code="c">Silver Bow</subfield><subfield code="d">Butte.</subfield></datafield><datafield ind1="0" ind2=" " tag="775"><subfield code="t">Daily inter-mountains</subfield><subfield code="w">(DLC)sn 86075045</subfield></datafield><datafield ind1="0" ind2="5" tag="780"><subfield code="t">Froniter index (Butte, Mont.)</subfield><subfield code="g">spring 1881</subfield><subfield code="w">(DLC)sn 86075043</subfield></datafield><datafield ind1="1" ind2="7" tag="785"><subfield code="t">Daily labor union</subfield></datafield><datafield ind1="1" ind2="7" tag="785"><subfield code="t">Union-Freeman</subfield><subfield code="w">(DLC)sn 86075046</subfield></datafield></record>